
<marc:record><marc:leader>01501nam a22002537a 4500</marc:leader>
<marc:controlfield tag="001">e9959a9c-add7-4189-877e-219c6cbc7aa0</marc:controlfield>
<marc:controlfield tag="003">ScCtBLL</marc:controlfield><marc:controlfield tag="005">20180124223758.0</marc:controlfield><marc:controlfield tag="006">m     o  d        </marc:controlfield><marc:controlfield tag="007">cr u||||||||||</marc:controlfield><marc:controlfield tag="008">180124s2014    xx      o    u00| u eng d</marc:controlfield><marc:datafield tag="020" ind1=" " ind2=" "><marc:subfield code="a">9780992201869</marc:subfield></marc:datafield><marc:datafield tag="035" ind1=" " ind2=" "><marc:subfield code="a">(OCoLC)963595338 </marc:subfield></marc:datafield><marc:datafield tag="040" ind1=" " ind2=" "><marc:subfield code="a">ScCtBLL</marc:subfield><marc:subfield code="c">ScCtBLL</marc:subfield></marc:datafield><marc:datafield tag="100" ind1="1" ind2=" "><marc:subfield code="a">Ngcowa, Sonwabiso</marc:subfield><marc:subfield code="e">author.</marc:subfield></marc:datafield><marc:datafield tag="245" ind1="1" ind2="0"><marc:subfield code="a">In Search of Happiness</marc:subfield><marc:subfield code="h">[electronic resource] /</marc:subfield><marc:subfield code="c">Sonwabiso Ngcowa.</marc:subfield></marc:datafield><marc:datafield tag="260" ind1=" " ind2=" "><marc:subfield code="a">[s.l.] :</marc:subfield><marc:subfield code="b">African Books Collective,</marc:subfield><marc:subfield code="c">2014.</marc:subfield></marc:datafield><marc:datafield tag="300" ind1=" " ind2=" "><marc:subfield code="a">1 online resource.</marc:subfield></marc:datafield><marc:datafield tag="520" ind1=" " ind2=" "><marc:subfield code="a">Nana is fifteen when she travels from her village in the Eastern Cape to the city. She is overjoyed to be reunited with her family, even if they are living in a tiny shack. But she struggles to fit in at her new school, and she is shocked at the violence shown to Chino and Agnes, her Zimbabwean neighbours. When she and Agnes become close friends, and find love in unexpected places, Nana learns firsthand just how brutal ignorance can be and how hard it is to hold on to happiness.</marc:subfield></marc:datafield><marc:datafield tag="650" ind1=" " ind2="7"><marc:subfield code="a">JUVENILE FICTION / General</marc:subfield><marc:subfield code="2">bisacsh</marc:subfield></marc:datafield><marc:datafield tag="650" ind1=" " ind2="0"><marc:subfield code="a">Juvenile Fiction</marc:subfield></marc:datafield><marc:datafield tag="655" ind1=" " ind2="0"><marc:subfield code="a">Electronic books.</marc:subfield></marc:datafield><marc:datafield tag="856" ind1="4" ind2="0"><marc:subfield code="u">https://library.biblioboard.com/content/e9959a9c-add7-4189-877e-219c6cbc7aa0?organizationId=5a5beeb3-3af6-43f5-be0e-d328e5259c69</marc:subfield><marc:subfield code="z">View this content on BiblioBoard.</marc:subfield></marc:datafield><marc:datafield tag="856" ind1="4" ind2="2"><marc:subfield code="3">Image</marc:subfield><marc:subfield code="u">https://library.biblioboard.com/ext/api/media/e9959a9c-add7-4189-877e-219c6cbc7aa0/assets/thumbnail.jpg</marc:subfield><marc:subfield code="z">Thumbnail cover image</marc:subfield></marc:datafield></marc:record>