
<marc:record><marc:leader>01794nam a22002537a 4500</marc:leader>
<marc:controlfield tag="001">bea5c396-86f7-43bd-ad5d-f7088f88e490</marc:controlfield>
<marc:controlfield tag="003">ScCtBLL</marc:controlfield><marc:controlfield tag="005">20180124223758.0</marc:controlfield><marc:controlfield tag="006">m     o  d        </marc:controlfield><marc:controlfield tag="007">cr u||||||||||</marc:controlfield><marc:controlfield tag="008">180124s2012    xx      o    u00| u eng d</marc:controlfield><marc:datafield tag="020" ind1=" " ind2=" "><marc:subfield code="a">9789788422884</marc:subfield></marc:datafield><marc:datafield tag="035" ind1=" " ind2=" "><marc:subfield code="a">(OCoLC)814018677 </marc:subfield></marc:datafield><marc:datafield tag="040" ind1=" " ind2=" "><marc:subfield code="a">ScCtBLL</marc:subfield><marc:subfield code="c">ScCtBLL</marc:subfield></marc:datafield><marc:datafield tag="700" ind1="1" ind2=" "><marc:subfield code="a">Okoro, Dikê</marc:subfield><marc:subfield code="e">editor.</marc:subfield></marc:datafield><marc:datafield tag="245" ind1="0" ind2="0"><marc:subfield code="a">We Have Crossed Many Rivers</marc:subfield><marc:subfield code="h">[electronic resource] :</marc:subfield><marc:subfield code="b">New Poetry From Africa /</marc:subfield><marc:subfield code="c">Dikê Okoro.</marc:subfield></marc:datafield><marc:datafield tag="260" ind1=" " ind2=" "><marc:subfield code="a">[s.l.] :</marc:subfield><marc:subfield code="b">Malthouse Press,</marc:subfield><marc:subfield code="c">2012.</marc:subfield></marc:datafield><marc:datafield tag="300" ind1=" " ind2=" "><marc:subfield code="a">1 online resource.</marc:subfield></marc:datafield><marc:datafield tag="520" ind1=" " ind2=" "><marc:subfield code="a">We Have Crossed Many Rivers: New Poetry from Africa is a fascinating anthology of some of the finest contemporary poetic voices from twenty-nine African countries. Inspired by the examples of first generation African poets like Wole Soyinka, Christopher Okigbo, Dennis Brutus, and Mazisi Kunene, the poets in this anthology display rootedness in, and preoccupation with, the discourses of identity and political freedom. At the same time, they engage the more contemporary themes of human and economic rights, governance, the natural environment, love, family and generational relations representative of the African continent. Poems from Tanure Ojaide, Yewande Omotoso, Reesom Haile and Frank Chipasula are inlcluded and in all there are contributions from 68 poets.</marc:subfield></marc:datafield><marc:datafield tag="650" ind1=" " ind2="7"><marc:subfield code="a">SOCIAL SCIENCE / General</marc:subfield><marc:subfield code="2">bisacsh</marc:subfield></marc:datafield><marc:datafield tag="650" ind1=" " ind2="0"><marc:subfield code="a">Social sciences</marc:subfield></marc:datafield><marc:datafield tag="655" ind1=" " ind2="0"><marc:subfield code="a">Electronic books.</marc:subfield></marc:datafield><marc:datafield tag="856" ind1="4" ind2="0"><marc:subfield code="u">https://library.biblioboard.com/content/bea5c396-86f7-43bd-ad5d-f7088f88e490?organizationId=5a5beeb3-3af6-43f5-be0e-d328e5259c69</marc:subfield><marc:subfield code="z">View this content on BiblioBoard.</marc:subfield></marc:datafield><marc:datafield tag="856" ind1="4" ind2="2"><marc:subfield code="3">Image</marc:subfield><marc:subfield code="u">https://library.biblioboard.com/ext/api/media/bea5c396-86f7-43bd-ad5d-f7088f88e490/assets/thumbnail.jpg</marc:subfield><marc:subfield code="z">Thumbnail cover image</marc:subfield></marc:datafield></marc:record>