
<marc:record><marc:leader>01818nam a22002537a 4500</marc:leader>
<marc:controlfield tag="001">be007453-198f-42a5-b3bb-197f440c426b</marc:controlfield>
<marc:controlfield tag="003">ScCtBLL</marc:controlfield><marc:controlfield tag="005">20180124223758.0</marc:controlfield><marc:controlfield tag="006">m     o  d        </marc:controlfield><marc:controlfield tag="007">cr u||||||||||</marc:controlfield><marc:controlfield tag="008">180124s2013    xx      o    u00| u eng d</marc:controlfield><marc:datafield tag="020" ind1=" " ind2=" "><marc:subfield code="a">9781779222268</marc:subfield></marc:datafield><marc:datafield tag="035" ind1=" " ind2=" "><marc:subfield code="a">(OCoLC)902664908 </marc:subfield></marc:datafield><marc:datafield tag="040" ind1=" " ind2=" "><marc:subfield code="a">ScCtBLL</marc:subfield><marc:subfield code="c">ScCtBLL</marc:subfield></marc:datafield><marc:datafield tag="700" ind1="1" ind2=" "><marc:subfield code="a">Raftopoulos, Brian</marc:subfield><marc:subfield code="e">editor.</marc:subfield></marc:datafield><marc:datafield tag="245" ind1="0" ind2="4"><marc:subfield code="a">The Hard Road to Reform</marc:subfield><marc:subfield code="h">[electronic resource] :</marc:subfield><marc:subfield code="b">The Politics of Zimbabwe's Global Political Agreement /</marc:subfield><marc:subfield code="c">Brian Raftopoulos.</marc:subfield></marc:datafield><marc:datafield tag="260" ind1=" " ind2=" "><marc:subfield code="a">[s.l.] :</marc:subfield><marc:subfield code="b">Weaver Press,</marc:subfield><marc:subfield code="c">2013.</marc:subfield></marc:datafield><marc:datafield tag="300" ind1=" " ind2=" "><marc:subfield code="a">1 online resource.</marc:subfield></marc:datafield><marc:datafield tag="520" ind1=" " ind2=" "><marc:subfield code="a">The defeat of ZANU-PF in the 2008 parliamentary election marked the end of one-party rule in Zimbabwe. The Global Political Agreement signed later that resulted in a Government of National Unity, and the former ruling party was, for the first time, faced with the reality of sharing power. The Hard Road to Reform presents a penetrating analysis of developments since the GNU was established, reviewing recent political history from a range of perspectives—political, economic, social and historical, and featuring the best work of Zimbabwe's young scholars. As Brian Raftopolos writes in his introduction: 'the book is an attempt to analyse and assess both the hopes and frustrations of the last four years and to confront the harsh challenges that lie ahead.'</marc:subfield></marc:datafield><marc:datafield tag="650" ind1=" " ind2="7"><marc:subfield code="a">FICTION / General</marc:subfield><marc:subfield code="2">bisacsh</marc:subfield></marc:datafield><marc:datafield tag="655" ind1=" " ind2="7"><marc:subfield code="a">Fiction</marc:subfield><marc:subfield code="2">lcgft</marc:subfield></marc:datafield><marc:datafield tag="655" ind1=" " ind2="0"><marc:subfield code="a">Electronic books.</marc:subfield></marc:datafield><marc:datafield tag="856" ind1="4" ind2="0"><marc:subfield code="u">https://library.biblioboard.com/content/be007453-198f-42a5-b3bb-197f440c426b?organizationId=5a5beeb3-3af6-43f5-be0e-d328e5259c69</marc:subfield><marc:subfield code="z">View this content on BiblioBoard.</marc:subfield></marc:datafield><marc:datafield tag="856" ind1="4" ind2="2"><marc:subfield code="3">Image</marc:subfield><marc:subfield code="u">https://library.biblioboard.com/ext/api/media/be007453-198f-42a5-b3bb-197f440c426b/assets/thumbnail.jpg</marc:subfield><marc:subfield code="z">Thumbnail cover image</marc:subfield></marc:datafield></marc:record>