
<marc:record><marc:leader>02278nam a22002537a 4500</marc:leader>
<marc:controlfield tag="001">8dfc226c-72ee-4068-8213-c9a80374307a</marc:controlfield>
<marc:controlfield tag="003">ScCtBLL</marc:controlfield><marc:controlfield tag="005">20180124223758.0</marc:controlfield><marc:controlfield tag="006">m     o  d        </marc:controlfield><marc:controlfield tag="007">cr u||||||||||</marc:controlfield><marc:controlfield tag="008">180124s2013    xx      o    u00| u eng d</marc:controlfield><marc:datafield tag="020" ind1=" " ind2=" "><marc:subfield code="a">9789956790067</marc:subfield></marc:datafield><marc:datafield tag="035" ind1=" " ind2=" "><marc:subfield code="a">(OCoLC)960652105 </marc:subfield></marc:datafield><marc:datafield tag="040" ind1=" " ind2=" "><marc:subfield code="a">ScCtBLL</marc:subfield><marc:subfield code="c">ScCtBLL</marc:subfield></marc:datafield><marc:datafield tag="100" ind1="1" ind2=" "><marc:subfield code="a">Nfon, Charles</marc:subfield><marc:subfield code="e">author.</marc:subfield></marc:datafield><marc:datafield tag="245" ind1="1" ind2="0"><marc:subfield code="a">Greener From a Distance</marc:subfield><marc:subfield code="h">[electronic resource] /</marc:subfield><marc:subfield code="c">Charles Nfon.</marc:subfield></marc:datafield><marc:datafield tag="260" ind1=" " ind2=" "><marc:subfield code="a">[s.l.] :</marc:subfield><marc:subfield code="b">Langaa RPCIG,</marc:subfield><marc:subfield code="c">2013.</marc:subfield></marc:datafield><marc:datafield tag="300" ind1=" " ind2=" "><marc:subfield code="a">1 online resource.</marc:subfield></marc:datafield><marc:datafield tag="520" ind1=" " ind2=" "><marc:subfield code="a">Albert’s life dream is to immigrate to the U.S.A., to seek greener pastures. After several failed attempts, he finally gets a visa. Then he arrives the U.S.A. hoping for a bright and easy future. Before long he hears stories of desperation, struggles and a few successes. Desperation is portrayed by Mola aka Mboma who adopts a dead man’s identity in order to stay in the USA and by Bruno who marries a U.S.-born woman as his ticket to the USA, knowing fully well that she was leading a double life. Struggles are seen in Paul and Matt who have to work more than two times harder to barely survive in the USA. However, Samson, the surgeon is an example of a success story. Albert has to decide whether to stay in the USA, concoct a story for asylum and chase the dream that has proven elusive for many, or go back to his reality in Cameroon. Though the pasture may actually be greener on the other side for some, it takes a tremendous amount of work and dedication to keep it that way. Realising that the life in the Diaspora is not a bed of roses as portrayed by some Cameroonians, he decides to return to his modest job in Cameroon. Although this book could be considered a cautionary tale about immigration, it is also about the corruption that has overtaken Cameroon and its people.</marc:subfield></marc:datafield><marc:datafield tag="650" ind1=" " ind2="7"><marc:subfield code="a">FICTION / General</marc:subfield><marc:subfield code="2">bisacsh</marc:subfield></marc:datafield><marc:datafield tag="655" ind1=" " ind2="7"><marc:subfield code="a">Fiction</marc:subfield><marc:subfield code="2">lcgft</marc:subfield></marc:datafield><marc:datafield tag="655" ind1=" " ind2="0"><marc:subfield code="a">Electronic books.</marc:subfield></marc:datafield><marc:datafield tag="856" ind1="4" ind2="0"><marc:subfield code="u">https://library.biblioboard.com/content/8dfc226c-72ee-4068-8213-c9a80374307a?organizationId=5a5beeb3-3af6-43f5-be0e-d328e5259c69</marc:subfield><marc:subfield code="z">View this content on BiblioBoard.</marc:subfield></marc:datafield><marc:datafield tag="856" ind1="4" ind2="2"><marc:subfield code="3">Image</marc:subfield><marc:subfield code="u">https://library.biblioboard.com/ext/api/media/8dfc226c-72ee-4068-8213-c9a80374307a/assets/thumbnail.jpg</marc:subfield><marc:subfield code="z">Thumbnail cover image</marc:subfield></marc:datafield></marc:record>