
<marc:record><marc:leader>01439nam a22002537a 4500</marc:leader>
<marc:controlfield tag="001">7223f5c3-8ac0-4ed5-a91c-51a3ef36e66f</marc:controlfield>
<marc:controlfield tag="003">ScCtBLL</marc:controlfield><marc:controlfield tag="005">20180124223758.0</marc:controlfield><marc:controlfield tag="006">m     o  d        </marc:controlfield><marc:controlfield tag="007">cr u||||||||||</marc:controlfield><marc:controlfield tag="008">180124s2014    xx      o    u00| u eng d</marc:controlfield><marc:datafield tag="020" ind1=" " ind2=" "><marc:subfield code="a">9781920590826</marc:subfield></marc:datafield><marc:datafield tag="035" ind1=" " ind2=" "><marc:subfield code="a">(OCoLC)900345989 </marc:subfield></marc:datafield><marc:datafield tag="040" ind1=" " ind2=" "><marc:subfield code="a">ScCtBLL</marc:subfield><marc:subfield code="c">ScCtBLL</marc:subfield></marc:datafield><marc:datafield tag="100" ind1="1" ind2=" "><marc:subfield code="a">Davids, C. A.</marc:subfield><marc:subfield code="e">author.</marc:subfield></marc:datafield><marc:datafield tag="245" ind1="1" ind2="4"><marc:subfield code="a">The Blacks of Cape Town</marc:subfield><marc:subfield code="h">[electronic resource] :</marc:subfield><marc:subfield code="b">A Novel /</marc:subfield><marc:subfield code="c">C. A. Davids.</marc:subfield></marc:datafield><marc:datafield tag="260" ind1=" " ind2=" "><marc:subfield code="a">[s.l.] :</marc:subfield><marc:subfield code="b">Modjaji Books,</marc:subfield><marc:subfield code="c">2014.</marc:subfield></marc:datafield><marc:datafield tag="300" ind1=" " ind2=" "><marc:subfield code="a">1 online resource.</marc:subfield></marc:datafield><marc:datafield tag="520" ind1=" " ind2=" "><marc:subfield code="a">Historian, Zara Black, is far from home, trying to come to terms with her family's past. The unearthing begins with her grandfather who concealed his race to escape the harsh realities of the diamond mines before ultimately changing his name to Isaiah Black. Subtly and astutely, C.A. Davids weaves a narrative that shifts between past and present and contemporary South African and American politics, to examine betrayal and displacement.</marc:subfield></marc:datafield><marc:datafield tag="650" ind1=" " ind2="7"><marc:subfield code="a">FICTION / General</marc:subfield><marc:subfield code="2">bisacsh</marc:subfield></marc:datafield><marc:datafield tag="655" ind1=" " ind2="7"><marc:subfield code="a">Fiction</marc:subfield><marc:subfield code="2">lcgft</marc:subfield></marc:datafield><marc:datafield tag="655" ind1=" " ind2="0"><marc:subfield code="a">Electronic books.</marc:subfield></marc:datafield><marc:datafield tag="856" ind1="4" ind2="0"><marc:subfield code="u">https://library.biblioboard.com/content/7223f5c3-8ac0-4ed5-a91c-51a3ef36e66f?organizationId=5a5beeb3-3af6-43f5-be0e-d328e5259c69</marc:subfield><marc:subfield code="z">View this content on BiblioBoard.</marc:subfield></marc:datafield><marc:datafield tag="856" ind1="4" ind2="2"><marc:subfield code="3">Image</marc:subfield><marc:subfield code="u">https://library.biblioboard.com/ext/api/media/7223f5c3-8ac0-4ed5-a91c-51a3ef36e66f/assets/thumbnail.jpg</marc:subfield><marc:subfield code="z">Thumbnail cover image</marc:subfield></marc:datafield></marc:record>