
<marc:record><marc:leader>02225nam a22002537a 4500</marc:leader>
<marc:controlfield tag="001">5e02227d-c505-4abc-8f12-3e97165c9b1a</marc:controlfield>
<marc:controlfield tag="003">ScCtBLL</marc:controlfield><marc:controlfield tag="005">20180124223758.0</marc:controlfield><marc:controlfield tag="006">m     o  d        </marc:controlfield><marc:controlfield tag="007">cr u||||||||||</marc:controlfield><marc:controlfield tag="008">180124s2008    xx      o    u00| u eng d</marc:controlfield><marc:datafield tag="020" ind1=" " ind2=" "><marc:subfield code="a">9781940729077</marc:subfield></marc:datafield><marc:datafield tag="035" ind1=" " ind2=" "><marc:subfield code="a">(OCoLC)974265384 </marc:subfield></marc:datafield><marc:datafield tag="040" ind1=" " ind2=" "><marc:subfield code="a">ScCtBLL</marc:subfield><marc:subfield code="c">ScCtBLL</marc:subfield></marc:datafield><marc:datafield tag="100" ind1="1" ind2=" "><marc:subfield code="a">Igwe, Ben</marc:subfield><marc:subfield code="e">author.</marc:subfield></marc:datafield><marc:datafield tag="245" ind1="1" ind2="0"><marc:subfield code="a">Against the Odds</marc:subfield><marc:subfield code="h">[electronic resource] /</marc:subfield><marc:subfield code="c">Ben Igwe.</marc:subfield></marc:datafield><marc:datafield tag="260" ind1=" " ind2=" "><marc:subfield code="a">[s.l.] :</marc:subfield><marc:subfield code="b">African Heritage Press,</marc:subfield><marc:subfield code="c">2008.</marc:subfield></marc:datafield><marc:datafield tag="300" ind1=" " ind2=" "><marc:subfield code="a">1 online resource.</marc:subfield></marc:datafield><marc:datafield tag="520" ind1=" " ind2=" "><marc:subfield code="a">Undaunted by hardship, a determined widow, Uridiya, arranges a wife of her choice for her western-educated only son. Little does she know that her son, Jamike, had fallen in love and married a foreigner against her wishes and the expectations of his village. In a show of love, loyalty and commitment he rejects the arranged wife to the disappointment of his mother and the community. Can his defiance succeed against all odds? Set in an Igbo village in Eastern Nigeria from the late 1950's to early 1970's and in the United States in the early 1970's, the author sympathetically handles the powerlessness of the widow in rural African societies and addresses with candor and sensitivity the problems of race, human sexuality, cultural disengagement and the role of love in blurring the color line.   Born in Imo State Nigeria, Ben Igwe was educated in Nigerian and American Universities. He holds a Ph.D. in Library and Information Science from the University of Maryland at College Park. He has taught in Universities in Nigeria  and the United States. He is currently Chief of the division of Philosophy, Psychology and Religion in the District of Columbia Public Library in Washington, D.C. He lives with his family in Adelphi, Maryland.</marc:subfield></marc:datafield><marc:datafield tag="650" ind1=" " ind2="7"><marc:subfield code="a">FICTION / General</marc:subfield><marc:subfield code="2">bisacsh</marc:subfield></marc:datafield><marc:datafield tag="655" ind1=" " ind2="7"><marc:subfield code="a">Fiction</marc:subfield><marc:subfield code="2">lcgft</marc:subfield></marc:datafield><marc:datafield tag="655" ind1=" " ind2="0"><marc:subfield code="a">Electronic books.</marc:subfield></marc:datafield><marc:datafield tag="856" ind1="4" ind2="0"><marc:subfield code="u">https://library.biblioboard.com/content/5e02227d-c505-4abc-8f12-3e97165c9b1a?organizationId=5a5beeb3-3af6-43f5-be0e-d328e5259c69</marc:subfield><marc:subfield code="z">View this content on BiblioBoard.</marc:subfield></marc:datafield><marc:datafield tag="856" ind1="4" ind2="2"><marc:subfield code="3">Image</marc:subfield><marc:subfield code="u">https://library.biblioboard.com/ext/api/media/5e02227d-c505-4abc-8f12-3e97165c9b1a/assets/thumbnail.jpg</marc:subfield><marc:subfield code="z">Thumbnail cover image</marc:subfield></marc:datafield></marc:record>