
<marc:record><marc:leader>02319nam a22002537a 4500</marc:leader>
<marc:controlfield tag="001">4961d82d-759f-4a89-bfb9-e728c05ed5d1</marc:controlfield>
<marc:controlfield tag="003">ScCtBLL</marc:controlfield><marc:controlfield tag="005">20180124223758.0</marc:controlfield><marc:controlfield tag="006">m     o  d        </marc:controlfield><marc:controlfield tag="007">cr u||||||||||</marc:controlfield><marc:controlfield tag="008">180124s2012    xx      o    u00| u eng d</marc:controlfield><marc:datafield tag="020" ind1=" " ind2=" "><marc:subfield code="a">9789987082438</marc:subfield></marc:datafield><marc:datafield tag="035" ind1=" " ind2=" "><marc:subfield code="a">(OCoLC)900345992 </marc:subfield></marc:datafield><marc:datafield tag="040" ind1=" " ind2=" "><marc:subfield code="a">ScCtBLL</marc:subfield><marc:subfield code="c">ScCtBLL</marc:subfield></marc:datafield><marc:datafield tag="100" ind1="1" ind2=" "><marc:subfield code="a">Mkufya, W. E.</marc:subfield><marc:subfield code="e">author.</marc:subfield></marc:datafield><marc:datafield tag="245" ind1="1" ind2="4"><marc:subfield code="a">The Wicked Walk</marc:subfield><marc:subfield code="h">[electronic resource] /</marc:subfield><marc:subfield code="c">W. E. Mkufya.</marc:subfield></marc:datafield><marc:datafield tag="260" ind1=" " ind2=" "><marc:subfield code="a">[s.l.] :</marc:subfield><marc:subfield code="b">Mkuki na Nyota Publishers,</marc:subfield><marc:subfield code="c">2012.</marc:subfield></marc:datafield><marc:datafield tag="300" ind1=" " ind2=" "><marc:subfield code="a">1 online resource.</marc:subfield></marc:datafield><marc:datafield tag="520" ind1=" " ind2=" "><marc:subfield code="a">Nancy slaps palms with her friends and laughs a lot. She wears bell-bottom pants which swing when she walks through Uhuru Gardens. Nancy will finish secondary school this year, but she doesn't really know what will happen to her after that. Deo reads seriously, but he also spends many evenings in bars. He works in a factory laboratory, where his Form VI education elevates him above the other workers. He knows that there are some big men who live off the sweat of the others at the factory; it isn't right, but what does a lone youth do about it? Deo also wants to marry Nancy. Magege, the manager of Mountain Goat Rubber Factory, has the means to fulfill all his personal wants—including his taste for young girls. Nancy's mother, Maria, has no private means except selling her own body and her dream of a better life for her daughter. The Wicked Walk swirls around the lives of these four, set on a backdrop of workers' struggles and the rhythm of Dar es Salaam as city dwellers, and especially youths, know it. In this searingly honest, and at times poignant, novel the author raises important questions about the position of women in society, the causes of prostitution, corrupt and inefficient managers, and the groupings of youth who struggle towards ideological clarity as they attempt to understand their society.</marc:subfield></marc:datafield><marc:datafield tag="650" ind1=" " ind2="7"><marc:subfield code="a">FICTION / General</marc:subfield><marc:subfield code="2">bisacsh</marc:subfield></marc:datafield><marc:datafield tag="655" ind1=" " ind2="7"><marc:subfield code="a">Fiction</marc:subfield><marc:subfield code="2">lcgft</marc:subfield></marc:datafield><marc:datafield tag="655" ind1=" " ind2="0"><marc:subfield code="a">Electronic books.</marc:subfield></marc:datafield><marc:datafield tag="856" ind1="4" ind2="0"><marc:subfield code="u">https://library.biblioboard.com/content/4961d82d-759f-4a89-bfb9-e728c05ed5d1?organizationId=5a5beeb3-3af6-43f5-be0e-d328e5259c69</marc:subfield><marc:subfield code="z">View this content on BiblioBoard.</marc:subfield></marc:datafield><marc:datafield tag="856" ind1="4" ind2="2"><marc:subfield code="3">Image</marc:subfield><marc:subfield code="u">https://library.biblioboard.com/ext/api/media/4961d82d-759f-4a89-bfb9-e728c05ed5d1/assets/thumbnail.jpg</marc:subfield><marc:subfield code="z">Thumbnail cover image</marc:subfield></marc:datafield></marc:record>