
<marc:record><marc:leader>02417nam a22002537a 4500</marc:leader>
<marc:controlfield tag="001">2d48bd7a-5a6c-42ad-b67e-49039fc5ab72</marc:controlfield>
<marc:controlfield tag="003">ScCtBLL</marc:controlfield><marc:controlfield tag="005">20180124223758.0</marc:controlfield><marc:controlfield tag="006">m     o  d        </marc:controlfield><marc:controlfield tag="007">cr u||||||||||</marc:controlfield><marc:controlfield tag="008">180124s2011    xx      o    u00| u eng d</marc:controlfield><marc:datafield tag="020" ind1=" " ind2=" "><marc:subfield code="a">9780992187552</marc:subfield></marc:datafield><marc:datafield tag="035" ind1=" " ind2=" "><marc:subfield code="a">(OCoLC)963746732 </marc:subfield></marc:datafield><marc:datafield tag="040" ind1=" " ind2=" "><marc:subfield code="a">ScCtBLL</marc:subfield><marc:subfield code="c">ScCtBLL</marc:subfield></marc:datafield><marc:datafield tag="100" ind1="1" ind2=" "><marc:subfield code="a">Mazwai, Ntsiki</marc:subfield><marc:subfield code="e">author.</marc:subfield></marc:datafield><marc:datafield tag="245" ind1="1" ind2="0"><marc:subfield code="a">Wena</marc:subfield><marc:subfield code="h">[electronic resource] /</marc:subfield><marc:subfield code="c">Ntsiki Mazwai.</marc:subfield></marc:datafield><marc:datafield tag="260" ind1=" " ind2=" "><marc:subfield code="a">[s.l.] :</marc:subfield><marc:subfield code="b">African Perspectives Publishing,</marc:subfield><marc:subfield code="c">2011.</marc:subfield></marc:datafield><marc:datafield tag="300" ind1=" " ind2=" "><marc:subfield code="a">1 online resource.</marc:subfield></marc:datafield><marc:datafield tag="520" ind1=" " ind2=" "><marc:subfield code="a">The collection of poems is an intriguing reflection of the sometimes torturous evolution of inner self which so many South Africans face as they struggle to find who they are in a multicultural society that espouses the values of traditional culture while reaching for the promise of a global community. Thus the blend of Xhosa and English as Ntsiki strives to merge her modern views with cultural roots. She feels strongly the need to reclaim her culture and language and blend them within the context of a cosmopolitan society. She captures the &quot;vibe and energy&quot; of young South Africa and its blossoming as well as its quandaries. Ntsiki does not hesitate to deal with controversial and painful issues, such as rape, and her work challenges the reader to stop and think, really think. The quest for self expression and self-understanding echoes throughout the book and through it, she exhorts the reader to have the courage to explore and understand himself. Underlying many poems is the unspoken but burning desire that, by telling the truth, she will create possibilities for others to do the same. In many ways, Wena is a celebration of life. The poems brim over with Ntsiki's own desire to drink to the full and then go out there and pour love and life out into the world. The manner in which she distills meaning and value from the negative is perhaps best expressed in her own words, from the poem, Choose Life.</marc:subfield></marc:datafield><marc:datafield tag="650" ind1=" " ind2="7"><marc:subfield code="a">SOCIAL SCIENCE / General</marc:subfield><marc:subfield code="2">bisacsh</marc:subfield></marc:datafield><marc:datafield tag="650" ind1=" " ind2="0"><marc:subfield code="a">Social sciences</marc:subfield></marc:datafield><marc:datafield tag="655" ind1=" " ind2="0"><marc:subfield code="a">Electronic books.</marc:subfield></marc:datafield><marc:datafield tag="856" ind1="4" ind2="0"><marc:subfield code="u">https://library.biblioboard.com/content/2d48bd7a-5a6c-42ad-b67e-49039fc5ab72?organizationId=5a5beeb3-3af6-43f5-be0e-d328e5259c69</marc:subfield><marc:subfield code="z">View this content on BiblioBoard.</marc:subfield></marc:datafield><marc:datafield tag="856" ind1="4" ind2="2"><marc:subfield code="3">Image</marc:subfield><marc:subfield code="u">https://library.biblioboard.com/ext/api/media/2d48bd7a-5a6c-42ad-b67e-49039fc5ab72/assets/thumbnail.jpg</marc:subfield><marc:subfield code="z">Thumbnail cover image</marc:subfield></marc:datafield></marc:record>