
<marc:record><marc:leader>02355nam a22002657a 4500</marc:leader>
<marc:controlfield tag="001">e8799be3-cda0-4518-a794-0dff4aaa84c9</marc:controlfield>
<marc:controlfield tag="003">ScCtBLL</marc:controlfield><marc:controlfield tag="005">20180124223758.0</marc:controlfield><marc:controlfield tag="006">m     o  d        </marc:controlfield><marc:controlfield tag="007">cr u||||||||||</marc:controlfield><marc:controlfield tag="008">180124s2009    xx      o    u00| u eng d</marc:controlfield><marc:datafield tag="020" ind1=" " ind2=" "><marc:subfield code="a">9789970700271</marc:subfield></marc:datafield><marc:datafield tag="035" ind1=" " ind2=" "><marc:subfield code="a">(OCoLC)900346072 </marc:subfield></marc:datafield><marc:datafield tag="040" ind1=" " ind2=" "><marc:subfield code="a">ScCtBLL</marc:subfield><marc:subfield code="c">ScCtBLL</marc:subfield></marc:datafield><marc:datafield tag="700" ind1="1" ind2=" "><marc:subfield code="a">Barungi, Violet</marc:subfield><marc:subfield code="e">editor.</marc:subfield></marc:datafield><marc:datafield tag="700" ind1="1" ind2=" "><marc:subfield code="a">Twongyeire, Hilda</marc:subfield><marc:subfield code="e">editor.</marc:subfield></marc:datafield><marc:datafield tag="245" ind1="0" ind2="0"><marc:subfield code="a">Beyond the Dance</marc:subfield><marc:subfield code="h">[electronic resource] :</marc:subfield><marc:subfield code="b">Voices of Women on Female Genital Mutilation /</marc:subfield><marc:subfield code="c">Violet Barungi, Hilda Twongyeire.</marc:subfield></marc:datafield><marc:datafield tag="260" ind1=" " ind2=" "><marc:subfield code="a">[s.l.] :</marc:subfield><marc:subfield code="b">Femrite Publications,</marc:subfield><marc:subfield code="c">2009.</marc:subfield></marc:datafield><marc:datafield tag="300" ind1=" " ind2=" "><marc:subfield code="a">1 online resource.</marc:subfield></marc:datafield><marc:datafield tag="520" ind1=" " ind2=" "><marc:subfield code="a">Female genital mutilation is the excruciating and damaging experience that a lot of women in many cultures across Africa and in many other parts of the world suffer. Even when the women find themselves, for one reason or another, relocate in what should be safe havens, this practice frequently follows them like a vengeance ghost. Beyond the Dance is a compilation of testimonies and poems about the humiliation of female genital mutilation, and about the resulting deprivation and loss. It encompasses accounts, factual in some cases and lyrical in others, of the experience of this practice lived or witnessed, and the visceral responses to the practice. The anger is palpable, the bafflement tangible. Beside the pain, though, is the hope borne of the voices raised by governments, organisations, institutions and individuals, urging a stop to the practice and coaxing oft-unwilling communities into abandoning it or transforming it into a meaningful ritual that builds up rather than ruins. Through the pages of this volume we share the pain, thoughts, views and feelings of the victims of female genital cutting and of people concerned about the debilitating practice. We share the hope that they hold out for a firm and final end to the practice.</marc:subfield></marc:datafield><marc:datafield tag="650" ind1=" " ind2="7"><marc:subfield code="a">FICTION / General</marc:subfield><marc:subfield code="2">bisacsh</marc:subfield></marc:datafield><marc:datafield tag="655" ind1=" " ind2="7"><marc:subfield code="a">Fiction</marc:subfield><marc:subfield code="2">lcgft</marc:subfield></marc:datafield><marc:datafield tag="655" ind1=" " ind2="0"><marc:subfield code="a">Electronic books.</marc:subfield></marc:datafield><marc:datafield tag="856" ind1="4" ind2="0"><marc:subfield code="u">https://library.biblioboard.com/content/e8799be3-cda0-4518-a794-0dff4aaa84c9?organizationId=5a5beeb3-3af6-43f5-be0e-d328e5259c69</marc:subfield><marc:subfield code="z">View this content on BiblioBoard.</marc:subfield></marc:datafield><marc:datafield tag="856" ind1="4" ind2="2"><marc:subfield code="3">Image</marc:subfield><marc:subfield code="u">https://library.biblioboard.com/ext/api/media/e8799be3-cda0-4518-a794-0dff4aaa84c9/assets/thumbnail.jpg</marc:subfield><marc:subfield code="z">Thumbnail cover image</marc:subfield></marc:datafield></marc:record>