
<marc:record><marc:leader>02664nam a22002537a 4500</marc:leader>
<marc:controlfield tag="001">d26eb7be-01fd-4720-a0be-5ed58ffcba92</marc:controlfield>
<marc:controlfield tag="003">ScCtBLL</marc:controlfield><marc:controlfield tag="005">20180124223758.0</marc:controlfield><marc:controlfield tag="006">m     o  d        </marc:controlfield><marc:controlfield tag="007">cr u||||||||||</marc:controlfield><marc:controlfield tag="008">180124s2003    xx      o    u00| u eng d</marc:controlfield><marc:datafield tag="035" ind1=" " ind2=" "><marc:subfield code="a">(OCoLC)963608107 </marc:subfield></marc:datafield><marc:datafield tag="040" ind1=" " ind2=" "><marc:subfield code="a">ScCtBLL</marc:subfield><marc:subfield code="c">ScCtBLL</marc:subfield></marc:datafield><marc:datafield tag="700" ind1="1" ind2=" "><marc:subfield code="a">Staunton, Irene</marc:subfield><marc:subfield code="e">editor.</marc:subfield></marc:datafield><marc:datafield tag="245" ind1="0" ind2="0"><marc:subfield code="a">Writing Still</marc:subfield><marc:subfield code="h">[electronic resource] :</marc:subfield><marc:subfield code="b">New Stories From Zimbabwe /</marc:subfield><marc:subfield code="c">Irene Staunton.</marc:subfield></marc:datafield><marc:datafield tag="260" ind1=" " ind2=" "><marc:subfield code="a">[s.l.] :</marc:subfield><marc:subfield code="b">Weaver Press,</marc:subfield><marc:subfield code="c">[2003?]</marc:subfield></marc:datafield><marc:datafield tag="300" ind1=" " ind2=" "><marc:subfield code="a">1 online resource.</marc:subfield></marc:datafield><marc:datafield tag="520" ind1=" " ind2=" "><marc:subfield code="a">2004 Caine Prize was awarded to the short story Seventh Street Alchemy by Brian Chikawava. The story is in this anthology, Writing Still. The Caine Prize for African creative writing is awarded annually. The prize is named after the late Sir Michael Caine, former Booker Prize chairman.  The history of Zimbabwe has always been reflected in its oral and written literature. Much of the serious fiction written in the 1980s and early 1990s focused on the effects of Zimbabwe’s war of liberation. Little has yet been written about post-independence Zimbabwe and the complex and challenging issues that have arisen in the last twenty years. This anthology of twenty-two short stories provides a representative sample of the range and quality of writing in Zimbabwe at the turn of the century, and an impressionistic reflection of the years since independence in 1980.  Included are stories by established writers Shimmer Chinodya, Charles Mungoshi, Brian Chikwava; and some younger or less established writers, Clement Chihota, Wonder Guchu, Chiedza Musengezi, Mary Ndlovu, Vivienne Ndlovu and Stanley Nyamfukudza. The collection also reflects a slightly broader perspective with stories by Alexandra Fuller, Derek Huggins, Pat Brickhill and Chris Wilson, who engage with historical memory of the conflicts out of which Zimbabwe arose, and the lessons to be drawn from living within a culture other than one’s own. Overall, the anthology reaffirms the persistent value attached to imaginative writing in Zimbabwe, and illustrates that the country’s literary tradition is alive and well, and reshaping itself for new times.</marc:subfield></marc:datafield><marc:datafield tag="650" ind1=" " ind2="7"><marc:subfield code="a">FICTION / General</marc:subfield><marc:subfield code="2">bisacsh</marc:subfield></marc:datafield><marc:datafield tag="650" ind1=" " ind2="7"><marc:subfield code="a">LITERARY COLLECTIONS / General</marc:subfield><marc:subfield code="2">bisacsh</marc:subfield></marc:datafield><marc:datafield tag="655" ind1=" " ind2="7"><marc:subfield code="a">Fiction</marc:subfield><marc:subfield code="2">lcgft</marc:subfield></marc:datafield><marc:datafield tag="655" ind1=" " ind2="0"><marc:subfield code="a">Electronic books.</marc:subfield></marc:datafield><marc:datafield tag="856" ind1="4" ind2="0"><marc:subfield code="u">https://library.biblioboard.com/content/d26eb7be-01fd-4720-a0be-5ed58ffcba92?organizationId=5a5beeb3-3af6-43f5-be0e-d328e5259c69</marc:subfield><marc:subfield code="z">View this content on BiblioBoard.</marc:subfield></marc:datafield><marc:datafield tag="856" ind1="4" ind2="2"><marc:subfield code="3">Image</marc:subfield><marc:subfield code="u">https://library.biblioboard.com/ext/api/media/d26eb7be-01fd-4720-a0be-5ed58ffcba92/assets/thumbnail.jpg</marc:subfield><marc:subfield code="z">Thumbnail cover image</marc:subfield></marc:datafield></marc:record>