
<marc:record><marc:leader>02404nam a22002537a 4500</marc:leader>
<marc:controlfield tag="001">d069456b-e777-4797-84c7-4f4665a47fe5</marc:controlfield>
<marc:controlfield tag="003">ScCtBLL</marc:controlfield><marc:controlfield tag="005">20180124223758.0</marc:controlfield><marc:controlfield tag="006">m     o  d        </marc:controlfield><marc:controlfield tag="007">cr u||||||||||</marc:controlfield><marc:controlfield tag="008">180124s2012    xx      o    u00| u eng d</marc:controlfield><marc:datafield tag="020" ind1=" " ind2=" "><marc:subfield code="a">9789991642024</marc:subfield></marc:datafield><marc:datafield tag="035" ind1=" " ind2=" "><marc:subfield code="a">(OCoLC)900345357 </marc:subfield></marc:datafield><marc:datafield tag="040" ind1=" " ind2=" "><marc:subfield code="a">ScCtBLL</marc:subfield><marc:subfield code="c">ScCtBLL</marc:subfield></marc:datafield><marc:datafield tag="100" ind1="1" ind2=" "><marc:subfield code="a">Amathila, Libertina I.</marc:subfield><marc:subfield code="e">author.</marc:subfield></marc:datafield><marc:datafield tag="245" ind1="1" ind2="0"><marc:subfield code="a">Making a Difference</marc:subfield><marc:subfield code="h">[electronic resource] /</marc:subfield><marc:subfield code="c">Libertina I. Amathila.</marc:subfield></marc:datafield><marc:datafield tag="260" ind1=" " ind2=" "><marc:subfield code="a">[s.l.] :</marc:subfield><marc:subfield code="b">University of Namibia Press,</marc:subfield><marc:subfield code="c">2012.</marc:subfield></marc:datafield><marc:datafield tag="300" ind1=" " ind2=" "><marc:subfield code="a">1 online resource.</marc:subfield></marc:datafield><marc:datafield tag="520" ind1=" " ind2=" "><marc:subfield code="a">&quot;Failure is not in my vocabulary,&quot; says Libertina Inaaviposa Amathila, medical doctor, leading member of Namibia's liberation movement SWAPO, and Cabinet Minister for 20 years. Insightful, candid and amusing, this book traces Libertina Amathila's journey from a village in western Namibia travelling alone to Dar es Salaam, Tanzania in 1962; medical training in Poland, Sweden and London; and the health and education centres in Zambia and Angola that she helped develop and run for Namibians in exile; to a victorious return home in 1989; service in the Cabinet of independent Namibia; and a leading role in the World Health Organisation. Courageous, committed, cutting through difficulties that deterred others, Libertina Amathila has assisted and empowered Namibian communities, particularly women, in exile and at home. As Minister of Regional and Local Government and Housing, Minister of Health and Social Services, and Deputy Prime Minister, she focused on those in need, such as squatters, street children and those affected by HIV/AIDS, and undertook immediate practical measures to improve their lives. Packing her tent and supplies, she drove to remote areas and camped out until houses and clinics were built for marginalized communities, assisting in the design and construction process herself. An indomitable spirit drives this remarkable woman. This is her story.</marc:subfield></marc:datafield><marc:datafield tag="650" ind1=" " ind2="7"><marc:subfield code="a">SOCIAL SCIENCE / General</marc:subfield><marc:subfield code="2">bisacsh</marc:subfield></marc:datafield><marc:datafield tag="650" ind1=" " ind2="0"><marc:subfield code="a">Social sciences</marc:subfield></marc:datafield><marc:datafield tag="655" ind1=" " ind2="0"><marc:subfield code="a">Electronic books.</marc:subfield></marc:datafield><marc:datafield tag="856" ind1="4" ind2="0"><marc:subfield code="u">https://library.biblioboard.com/content/d069456b-e777-4797-84c7-4f4665a47fe5?organizationId=5a5beeb3-3af6-43f5-be0e-d328e5259c69</marc:subfield><marc:subfield code="z">View this content on BiblioBoard.</marc:subfield></marc:datafield><marc:datafield tag="856" ind1="4" ind2="2"><marc:subfield code="3">Image</marc:subfield><marc:subfield code="u">https://library.biblioboard.com/ext/api/media/d069456b-e777-4797-84c7-4f4665a47fe5/assets/thumbnail.jpg</marc:subfield><marc:subfield code="z">Thumbnail cover image</marc:subfield></marc:datafield></marc:record>