
<marc:record><marc:leader>02296nam a22002537a 4500</marc:leader>
<marc:controlfield tag="001">bfbe7a71-04e8-46ca-a2c9-5042189ccaf6</marc:controlfield>
<marc:controlfield tag="003">ScCtBLL</marc:controlfield><marc:controlfield tag="005">20180124223758.0</marc:controlfield><marc:controlfield tag="006">m     o  d        </marc:controlfield><marc:controlfield tag="007">cr u||||||||||</marc:controlfield><marc:controlfield tag="008">180124s2012    xx      o    u00| u eng d</marc:controlfield><marc:datafield tag="020" ind1=" " ind2=" "><marc:subfield code="a">9781779222015</marc:subfield></marc:datafield><marc:datafield tag="035" ind1=" " ind2=" "><marc:subfield code="a">(OCoLC)900346087 </marc:subfield></marc:datafield><marc:datafield tag="040" ind1=" " ind2=" "><marc:subfield code="a">ScCtBLL</marc:subfield><marc:subfield code="c">ScCtBLL</marc:subfield></marc:datafield><marc:datafield tag="100" ind1="1" ind2=" "><marc:subfield code="a">Parsons, Ross</marc:subfield><marc:subfield code="e">author.</marc:subfield></marc:datafield><marc:datafield tag="245" ind1="1" ind2="0"><marc:subfield code="a">One Day This Will All Be Over</marc:subfield><marc:subfield code="h">[electronic resource] :</marc:subfield><marc:subfield code="b">Growing Up With HIV in an Eastern Zimbabwean Town /</marc:subfield><marc:subfield code="c">Ross Parsons.</marc:subfield></marc:datafield><marc:datafield tag="260" ind1=" " ind2=" "><marc:subfield code="a">[s.l.] :</marc:subfield><marc:subfield code="b">Weaver Press,</marc:subfield><marc:subfield code="c">2012.</marc:subfield></marc:datafield><marc:datafield tag="300" ind1=" " ind2=" "><marc:subfield code="a">1 online resource.</marc:subfield></marc:datafield><marc:datafield tag="520" ind1=" " ind2=" "><marc:subfield code="a">Ross Parsons has been working with HIV-positive children in Mutare since 2005. As a child psychotherapist, he was interested in exploring how a therapeutic group, meeting regularly, might offer a way of elaborating and meeting their needs. His account of these experiences is presented as a rare blend of anthropological and psychotherapeutic approaches to the study of children, and he is candid about the close, even intimate, relationships that resulted: I have crossed the classical ethnographic and psychoanalytic boundary of the cool observer. The therapist, while still awkwardly present, has also become an advocate in pursuit of the ethnographic. The period of his research coincided with one of deep crisis in Zimbabwe's economy: employment opportunities were few, public health and education services were in decay, and the prospects were grim for those on the margins of society. In the course of my fieldwork I have attended too many funerals. In the absence of state support, the poor look variously to international NGOs, and to the church. Parsons offers telling insights into the crossroads of donated pharmaceuticals and Christian faith, and is constantly alert to the place of traditional spirituality and ties of kinship.</marc:subfield></marc:datafield><marc:datafield tag="650" ind1=" " ind2="7"><marc:subfield code="a">SOCIAL SCIENCE / General</marc:subfield><marc:subfield code="2">bisacsh</marc:subfield></marc:datafield><marc:datafield tag="650" ind1=" " ind2="0"><marc:subfield code="a">Social sciences</marc:subfield></marc:datafield><marc:datafield tag="655" ind1=" " ind2="0"><marc:subfield code="a">Electronic books.</marc:subfield></marc:datafield><marc:datafield tag="856" ind1="4" ind2="0"><marc:subfield code="u">https://library.biblioboard.com/content/bfbe7a71-04e8-46ca-a2c9-5042189ccaf6?organizationId=5a5beeb3-3af6-43f5-be0e-d328e5259c69</marc:subfield><marc:subfield code="z">View this content on BiblioBoard.</marc:subfield></marc:datafield><marc:datafield tag="856" ind1="4" ind2="2"><marc:subfield code="3">Image</marc:subfield><marc:subfield code="u">https://library.biblioboard.com/ext/api/media/bfbe7a71-04e8-46ca-a2c9-5042189ccaf6/assets/thumbnail.jpg</marc:subfield><marc:subfield code="z">Thumbnail cover image</marc:subfield></marc:datafield></marc:record>