
<marc:record><marc:leader>02172nam a22002537a 4500</marc:leader>
<marc:controlfield tag="001">910e3cf6-7449-4c29-9adb-2f68aa0b3eb9</marc:controlfield>
<marc:controlfield tag="003">ScCtBLL</marc:controlfield><marc:controlfield tag="005">20180124223758.0</marc:controlfield><marc:controlfield tag="006">m     o  d        </marc:controlfield><marc:controlfield tag="007">cr u||||||||||</marc:controlfield><marc:controlfield tag="008">180124s2013    xx      o    u00| u eng d</marc:controlfield><marc:datafield tag="020" ind1=" " ind2=" "><marc:subfield code="a">9789991642215</marc:subfield></marc:datafield><marc:datafield tag="035" ind1=" " ind2=" "><marc:subfield code="a">(OCoLC)963794858 </marc:subfield></marc:datafield><marc:datafield tag="040" ind1=" " ind2=" "><marc:subfield code="a">ScCtBLL</marc:subfield><marc:subfield code="c">ScCtBLL</marc:subfield></marc:datafield><marc:datafield tag="100" ind1="1" ind2=" "><marc:subfield code="a">Namhila, Ellen Ndeshi</marc:subfield><marc:subfield code="e">author.</marc:subfield></marc:datafield><marc:datafield tag="245" ind1="1" ind2="0"><marc:subfield code="a">Mukwahepo</marc:subfield><marc:subfield code="h">[electronic resource] :</marc:subfield><marc:subfield code="b">Woman, Soldier, Mother /</marc:subfield><marc:subfield code="c">Ellen Ndeshi Namhila.</marc:subfield></marc:datafield><marc:datafield tag="260" ind1=" " ind2=" "><marc:subfield code="a">[s.l.] :</marc:subfield><marc:subfield code="b">University of Namibia Press,</marc:subfield><marc:subfield code="c">2013.</marc:subfield></marc:datafield><marc:datafield tag="300" ind1=" " ind2=" "><marc:subfield code="a">1 online resource.</marc:subfield></marc:datafield><marc:datafield tag="520" ind1=" " ind2=" "><marc:subfield code="a">In 1963 Mukwahepo left her home in Namibia and followed her fiancé across the border into Angola. They survived hunger and war and eventually made their way to Tanzania. There, Mukwahepo became the first woman to undergo military training with SWAPO. For nine years she was the only woman in SWAPO's Kongwa camp. She was then thrust into a more traditional women's role—taking care of children in the SWAPO camps in Zambia and Angola. At Independence, Mukwahepo returned to Namibia with five children. One by one their parents came to reclaim them, until she was left alone. Already in her 50s, and with little education, Mukwahepo could not get employment. She survived on handouts until the Government introduced a pension and other benefits for veterans. Through a series of interviews, Ellen Ndeshi Namhila recorded and translated Mukwahepoï¿½s remarkable story. This book preserves the oral history of not only the &quot;dominant male voice&quot; among the colonised people of Namibia, but brings to light the hidden voice, the untold and forgotten story of an ordinary woman and the outstanding role she played during the struggle.</marc:subfield></marc:datafield><marc:datafield tag="650" ind1=" " ind2="7"><marc:subfield code="a">SOCIAL SCIENCE / General</marc:subfield><marc:subfield code="2">bisacsh</marc:subfield></marc:datafield><marc:datafield tag="650" ind1=" " ind2="0"><marc:subfield code="a">Social sciences</marc:subfield></marc:datafield><marc:datafield tag="655" ind1=" " ind2="0"><marc:subfield code="a">Electronic books.</marc:subfield></marc:datafield><marc:datafield tag="856" ind1="4" ind2="0"><marc:subfield code="u">https://library.biblioboard.com/content/910e3cf6-7449-4c29-9adb-2f68aa0b3eb9?organizationId=5a5beeb3-3af6-43f5-be0e-d328e5259c69</marc:subfield><marc:subfield code="z">View this content on BiblioBoard.</marc:subfield></marc:datafield><marc:datafield tag="856" ind1="4" ind2="2"><marc:subfield code="3">Image</marc:subfield><marc:subfield code="u">https://library.biblioboard.com/ext/api/media/910e3cf6-7449-4c29-9adb-2f68aa0b3eb9/assets/thumbnail.jpg</marc:subfield><marc:subfield code="z">Thumbnail cover image</marc:subfield></marc:datafield></marc:record>