
<marc:record><marc:leader>02154nam a22002537a 4500</marc:leader>
<marc:controlfield tag="001">90d0e5cd-945d-457f-ba5e-80a20cb5810c</marc:controlfield>
<marc:controlfield tag="003">ScCtBLL</marc:controlfield><marc:controlfield tag="005">20180124223758.0</marc:controlfield><marc:controlfield tag="006">m     o  d        </marc:controlfield><marc:controlfield tag="007">cr u||||||||||</marc:controlfield><marc:controlfield tag="008">180124s2011    xx      o    u00| u eng d</marc:controlfield><marc:datafield tag="035" ind1=" " ind2=" "><marc:subfield code="a">(OCoLC)963739508 </marc:subfield></marc:datafield><marc:datafield tag="040" ind1=" " ind2=" "><marc:subfield code="a">ScCtBLL</marc:subfield><marc:subfield code="c">ScCtBLL</marc:subfield></marc:datafield><marc:datafield tag="700" ind1="1" ind2=" "><marc:subfield code="a">Wakeman-Linn, Julie</marc:subfield><marc:subfield code="e">editor.</marc:subfield></marc:datafield><marc:datafield tag="245" ind1="0" ind2="0"><marc:subfield code="a">Their Voices, Their Stories</marc:subfield><marc:subfield code="h">[electronic resource] :</marc:subfield><marc:subfield code="b">Fiction by Bethsaida Orphan Girls' Secondary School /</marc:subfield><marc:subfield code="c">Julie Wakeman-Linn.</marc:subfield></marc:datafield><marc:datafield tag="260" ind1=" " ind2=" "><marc:subfield code="a">[s.l.] :</marc:subfield><marc:subfield code="b">Mkuki na Nyota Publishers,</marc:subfield><marc:subfield code="c">[2011?]</marc:subfield></marc:datafield><marc:datafield tag="300" ind1=" " ind2=" "><marc:subfield code="a">1 online resource.</marc:subfield></marc:datafield><marc:datafield tag="520" ind1=" " ind2=" "><marc:subfield code="a">UNICEF estimates that Tanzania has over three million orphans. The Bethsaida Orphan Girls Secondary School seeks to help the most vulnerable of Tanzania's children. Founded by Mrs. Anna Machary in 2005 under the auspices of the non-governmental organization, the Olof Palme Orphans Education Center, the school currently enrolls over 130 orphan girls from all over the country, providing them with free housing, meals, psychological support and a quality secondary education. This book features short stories by thirteen students and has the dual purpose of being a fundraiser for the school and giving the girls a voice. It is a unique and enthralling work of fiction, Their Voices: Their Stories ranges from magical realism to fable, from historical fiction to bildungsroman. Under the professional and passionate editorial guidance of Maryland professor Julie Wakeman-Linn, this collection sings of the fears, anxieties and dreams of young Tanzanian women, who pray their education will be the golden ticket out of lives filled with poverty and abuse.</marc:subfield></marc:datafield><marc:datafield tag="650" ind1=" " ind2="7"><marc:subfield code="a">FICTION / General</marc:subfield><marc:subfield code="2">bisacsh</marc:subfield></marc:datafield><marc:datafield tag="650" ind1=" " ind2="7"><marc:subfield code="a">LITERARY COLLECTIONS / General</marc:subfield><marc:subfield code="2">bisacsh</marc:subfield></marc:datafield><marc:datafield tag="655" ind1=" " ind2="7"><marc:subfield code="a">Fiction</marc:subfield><marc:subfield code="2">lcgft</marc:subfield></marc:datafield><marc:datafield tag="655" ind1=" " ind2="0"><marc:subfield code="a">Electronic books.</marc:subfield></marc:datafield><marc:datafield tag="856" ind1="4" ind2="0"><marc:subfield code="u">https://library.biblioboard.com/content/90d0e5cd-945d-457f-ba5e-80a20cb5810c?organizationId=5a5beeb3-3af6-43f5-be0e-d328e5259c69</marc:subfield><marc:subfield code="z">View this content on BiblioBoard.</marc:subfield></marc:datafield><marc:datafield tag="856" ind1="4" ind2="2"><marc:subfield code="3">Image</marc:subfield><marc:subfield code="u">https://library.biblioboard.com/ext/api/media/90d0e5cd-945d-457f-ba5e-80a20cb5810c/assets/thumbnail.jpg</marc:subfield><marc:subfield code="z">Thumbnail cover image</marc:subfield></marc:datafield></marc:record>