
<marc:record><marc:leader>02466nam a22002537a 4500</marc:leader>
<marc:controlfield tag="001">62e721a3-da03-476b-9ef3-3d4359c84bcd</marc:controlfield>
<marc:controlfield tag="003">ScCtBLL</marc:controlfield><marc:controlfield tag="005">20180124223758.0</marc:controlfield><marc:controlfield tag="006">m     o  d        </marc:controlfield><marc:controlfield tag="007">cr u||||||||||</marc:controlfield><marc:controlfield tag="008">180124s2012    xx      o    u00| u eng d</marc:controlfield><marc:datafield tag="020" ind1=" " ind2=" "><marc:subfield code="a">9789987082445</marc:subfield></marc:datafield><marc:datafield tag="035" ind1=" " ind2=" "><marc:subfield code="a">(OCoLC)974239776 </marc:subfield></marc:datafield><marc:datafield tag="040" ind1=" " ind2=" "><marc:subfield code="a">ScCtBLL</marc:subfield><marc:subfield code="c">ScCtBLL</marc:subfield></marc:datafield><marc:datafield tag="100" ind1="1" ind2=" "><marc:subfield code="a">Mbogoni, Lawrence E.Y.</marc:subfield><marc:subfield code="e">author.</marc:subfield></marc:datafield><marc:datafield tag="245" ind1="1" ind2="0"><marc:subfield code="a">Aspects of Colonial Tanzania History</marc:subfield><marc:subfield code="h">[electronic resource] /</marc:subfield><marc:subfield code="c">Lawrence E.Y. Mbogoni.</marc:subfield></marc:datafield><marc:datafield tag="260" ind1=" " ind2=" "><marc:subfield code="a">[s.l.] :</marc:subfield><marc:subfield code="b">Mkuki na Nyota Publishers,</marc:subfield><marc:subfield code="c">2012.</marc:subfield></marc:datafield><marc:datafield tag="300" ind1=" " ind2=" "><marc:subfield code="a">1 online resource.</marc:subfield></marc:datafield><marc:datafield tag="520" ind1=" " ind2=" "><marc:subfield code="a">Aspects of Colonial Tanzanian History is a collection of essays that examines the lives and experiences of both colonizers and the colonized during colonial rule in what is today known as Tanzania. Dr. Mbogoni examines a range of topics hitherto unexplored by scholars of Tanzania history, namely: excessive alcohol consumption (the sundowners); adultery and violence among the colonial officials; attitudes to inter-racial sexual liaisons especially between Europeans and Africans; game-poaching; European settler vigilantism; radio broadcasting; film production and the nature of Arab slavery in Zanzibar. A particularly noteworthy case related to European vigilantism is examined: the trial of Oldus Elishira, a Maasai, for the murder of a European settler farmer in 1955. The victim, Harold M. Stuchbery, was speared to death when he attempted to arrest a group of Maasai young men who were passing through his farm. The event highlighted the differences in the concepts of justice held by Maasai and the imported justice systems from the colonizers. It also raised vexing questions about the colonial judge's acquittal of Oldus Elishira, while the Maasai who should have been satisfied with that decision decided to take it upon themselves to mete out an appropriate punishment to Elshira instead of total acquittal, and to compensate Mrs. Stuchbery for the death of her husband by giving her a number of heads of cattle.</marc:subfield></marc:datafield><marc:datafield tag="650" ind1=" " ind2="7"><marc:subfield code="a">SOCIAL SCIENCE / General</marc:subfield><marc:subfield code="2">bisacsh</marc:subfield></marc:datafield><marc:datafield tag="650" ind1=" " ind2="0"><marc:subfield code="a">Social sciences</marc:subfield></marc:datafield><marc:datafield tag="655" ind1=" " ind2="0"><marc:subfield code="a">Electronic books.</marc:subfield></marc:datafield><marc:datafield tag="856" ind1="4" ind2="0"><marc:subfield code="u">https://library.biblioboard.com/content/62e721a3-da03-476b-9ef3-3d4359c84bcd?organizationId=5a5beeb3-3af6-43f5-be0e-d328e5259c69</marc:subfield><marc:subfield code="z">View this content on BiblioBoard.</marc:subfield></marc:datafield><marc:datafield tag="856" ind1="4" ind2="2"><marc:subfield code="3">Image</marc:subfield><marc:subfield code="u">https://library.biblioboard.com/ext/api/media/62e721a3-da03-476b-9ef3-3d4359c84bcd/assets/thumbnail.jpg</marc:subfield><marc:subfield code="z">Thumbnail cover image</marc:subfield></marc:datafield></marc:record>