
<marc:record><marc:leader>01902nam a22002537a 4500</marc:leader>
<marc:controlfield tag="001">54f0e541-e7c9-49b7-bdf9-277bf64c9cdb</marc:controlfield>
<marc:controlfield tag="003">ScCtBLL</marc:controlfield><marc:controlfield tag="005">20180124223758.0</marc:controlfield><marc:controlfield tag="006">m     o  d        </marc:controlfield><marc:controlfield tag="007">cr u||||||||||</marc:controlfield><marc:controlfield tag="008">180124s2013    xx      o    u00| u eng d</marc:controlfield><marc:datafield tag="020" ind1=" " ind2=" "><marc:subfield code="a">9781779222213</marc:subfield></marc:datafield><marc:datafield tag="035" ind1=" " ind2=" "><marc:subfield code="a">(OCoLC)980855327 </marc:subfield></marc:datafield><marc:datafield tag="040" ind1=" " ind2=" "><marc:subfield code="a">ScCtBLL</marc:subfield><marc:subfield code="c">ScCtBLL</marc:subfield></marc:datafield><marc:datafield tag="100" ind1="1" ind2=" "><marc:subfield code="a">Essof, Shereen</marc:subfield><marc:subfield code="e">author.</marc:subfield></marc:datafield><marc:datafield tag="245" ind1="1" ind2="0"><marc:subfield code="a">SheMurenga</marc:subfield><marc:subfield code="h">[electronic resource] :</marc:subfield><marc:subfield code="b">The Zimbabwe Women's Movement 1995–2000 /</marc:subfield><marc:subfield code="c">Shereen Essof.</marc:subfield></marc:datafield><marc:datafield tag="260" ind1=" " ind2=" "><marc:subfield code="a">[s.l.] :</marc:subfield><marc:subfield code="b">Weaver Press,</marc:subfield><marc:subfield code="c">2013.</marc:subfield></marc:datafield><marc:datafield tag="300" ind1=" " ind2=" "><marc:subfield code="a">1 online resource.</marc:subfield></marc:datafield><marc:datafield tag="520" ind1=" " ind2=" "><marc:subfield code="a">This book demonstrates the place of women's movements during a defining period of contemporary Zimbabwe. The government of Robert Mugabe may have been as firmly in power in 2000 as it was in 1995, but the intervening years saw severe economic crisis, mass strikes and protests, the start of land occupations, intervention in the war in the DRC and the rise of the opposition Movement for Democratic Change. Shereen Essof shows how Zimbabwean women crafted responses to these and other events, and aimed for a feminist agenda that would prioritize the interests of the rural and urban poor. Rejecting both the strictures of patriarchy and the orthodoxies of established feminism, she demands that Zimbabwe's women be heard in their own voices and in their own contexts. In doing so she writes a book that combines scholarly integrity with a wild, joyous cry for liberation.</marc:subfield></marc:datafield><marc:datafield tag="650" ind1=" " ind2="7"><marc:subfield code="a">SOCIAL SCIENCE / General</marc:subfield><marc:subfield code="2">bisacsh</marc:subfield></marc:datafield><marc:datafield tag="650" ind1=" " ind2="0"><marc:subfield code="a">Social sciences</marc:subfield></marc:datafield><marc:datafield tag="655" ind1=" " ind2="0"><marc:subfield code="a">Electronic books.</marc:subfield></marc:datafield><marc:datafield tag="856" ind1="4" ind2="0"><marc:subfield code="u">https://library.biblioboard.com/content/54f0e541-e7c9-49b7-bdf9-277bf64c9cdb?organizationId=5a5beeb3-3af6-43f5-be0e-d328e5259c69</marc:subfield><marc:subfield code="z">View this content on BiblioBoard.</marc:subfield></marc:datafield><marc:datafield tag="856" ind1="4" ind2="2"><marc:subfield code="3">Image</marc:subfield><marc:subfield code="u">https://library.biblioboard.com/ext/api/media/54f0e541-e7c9-49b7-bdf9-277bf64c9cdb/assets/thumbnail.jpg</marc:subfield><marc:subfield code="z">Thumbnail cover image</marc:subfield></marc:datafield></marc:record>